<record><leader>00000cas a22000007a 4500</leader><controlfield tag="001">25736409</controlfield><controlfield tag="008">920429d18651865mauwr ne      0    0eng d</controlfield><datafield ind1=" " ind2=" " tag="010"><subfield code="a">sn 92057000 </subfield></datafield><datafield ind1=" " ind2=" " tag="040"><subfield code="a">MGN</subfield><subfield code="b">eng</subfield><subfield code="c">MGN</subfield><subfield code="d">OCLCQ</subfield></datafield><datafield ind1=" " ind2=" " tag="042"><subfield code="a">msc</subfield></datafield><datafield ind1="0" ind2="4" tag="245"><subfield code="a">The Weekly Wisconsin capitol.</subfield></datafield><datafield ind1=" " ind2=" " tag="260"><subfield code="a">Madison [Wis.] :</subfield><subfield code="b">W.J. Park &amp; Co.</subfield></datafield><datafield ind1=" " ind2=" " tag="300"><subfield code="a">v.</subfield></datafield><datafield ind1=" " ind2=" " tag="310"><subfield code="a">Weekly</subfield></datafield><datafield ind1="0" ind2=" " tag="362"><subfield code="a">Vol. 1, no. 1 (Apr. 28, 1864 [i.e. 1865])-v. 1, no. 9 (June 21, 1865).</subfield></datafield><datafield ind1=" " ind2=" " tag="580"><subfield code="a">Daily ed.: Daily Wisconsin capitol, Apr.-June 5, 1865, and: Wisconsin daily capitol, June 6-21, 1865.</subfield></datafield><datafield ind1=" " ind2=" " tag="752"><subfield code="a">United States</subfield><subfield code="b">Wisconsin</subfield><subfield code="c">Dane</subfield><subfield code="d">Madison.</subfield></datafield><datafield ind1="1" ind2=" " tag="775"><subfield code="t">Daily Wisconsin capitol</subfield><subfield code="w">(DLC)sn 85040522</subfield></datafield><datafield ind1="1" ind2=" " tag="775"><subfield code="t">Wisconsin daily capitol</subfield><subfield code="w">(DLC)sn 85040523</subfield></datafield><datafield ind1="0" ind2="0" tag="785"><subfield code="t">Wisconsin weekly capitol</subfield><subfield code="w">(DLC)sn 92056999</subfield></datafield></record>